@misc{gem5,
  title = {Gem5 Simulator},
  howpublished = {\url{https://www.gem5.org/}},
  note = {Accessed on September, 2023},
}
@misc{riscv-opt,
  title = {RISC-V Optimization GitHub Repository},
  author = {wbmaas},
  howpublished = {\url{https://github.com/wbmaas/riscv-opt}},
  note = {Accessed on September, 2023},
}
@misc{riscv-pt-wikipedia,
  title = {RISC-V},
  howpublished = {\url{https://pt.wikipedia.org/wiki/RISC-V}},
  note = {Accessed on September, 2023},
}